@article{SnSJoule,
 author = {Brandt, Riley E and Kurchin, Rachel C and Steinmann, Vera and Kitchaev, Daniil and Roat, Chris and Levcenco, Sergiu and Ceder, Gerbrand and Unold, Thomas and Buonassisi, Tonio and Berlin, Helmholtz Zentrum},
 doi = {10.1016/j.joule.2017.10.001},
 issn = {25424351},
 journal = {Joule},
 number = {4},
 pages = {843--856},
 publisher = {Elsevier Inc.},
 title = {{Rapid semiconductor device characterization through Bayesian parameter estimation}},
 volume = {1},
 year = {2017}
}

@article{SCAPS,
 author = {Burgelman, Marc and Nollet, P and Degrave, S},
 doi = {10.1016/S0040-6090(99)00825-1},
 isbn = {0040-6090},
 issn = {00406090},
 journal = {Thin Solid Films},
 keywords = {CdTe,Chalcopyrite,Modelling,Solar cells,Thin film},
 pages = {527--532},
 title = {{Modelling polycrystalline semiconductor solar cells}},
 volume = {361--362},
 year = {2000}
}


@inproceedings(FeBayes,
title={Semiconductor parameter extraction via current-voltage characterization and Bayesian inference methods},
booktitle={Proceedings of the 2018 7th World Conference on Photovoltaic Energy Conversion},
year={2018},
author={Kurchin, Rachel C. and Poindexter, Jeremy R. and Kitchaev, Daniil and V\"ah\"anissi, Ville and del Ca\~nizo, Carlos and Zhe, Liu and Laine, Hannu S. and  Roat, Chris and Levcenco, Sergiu and Ceder, Gerbrand  and Buonassisi, Tonio},
organization={IEEE},
month={6},
)

@book{numpy,
 title = {A guide to NumPy},
 author = {Travis E. Oliphant},
 year = {2006},
 publisher = {Trelgol Publishing}
}

@Misc{scipy,
 author =    {Eric Jones and Travis Oliphant and Pearu Peterson and others},
 title =     {{SciPy}: Open source scientific tools for {Python}},
 year =      {2001},
 url = "http://www.scipy.org/",
}

@Misc{joblib,
 howpublished = {\url{https://joblib.readthedocs.io/en/latest/}},
 title = {Joblib},
 author = {Joblib developers}
}

@inproceedings(pandas,
title={Data Structures for Statistical Computing in Python},
booktitle={Proceedings of the 9th Python in Science Conference},
year={2010},
author={Wes McKinney},
pages={51--56}
)

@Misc{deepdish,
 author={Gustav Larsson and Mark Stoehr},
 title={deepdish},
 howpublished={\url{https://github.com/uchicago-cs/deepdish}}
}

@Misc{gh,
 author={Rachel C. Kurchin and Giuseppe Romano},
 title={Bayesim},
 howpublished={\url{https://github.com/pv-lab/bayesim}}
}

@Article{mpl,
 Author    = {Hunter, J. D.},
 Title     = {Matplotlib: A 2D graphics environment},
 Journal   = {Computing In Science \& Engineering},
 Volume    = {9},
 Number    = {3},
 Pages     = {90--95},
 abstract  = {Matplotlib is a 2D graphics package used for Python
  for application development, interactive scripting, and
  publication-quality image generation across user
 interfaces and operating systems.},
 publisher = {IEEE COMPUTER SOC},
 doi       = {10.1109/MCSE.2007.55},
 year      = 2007
}

@Misc{docs,
 author = {Rachel C. Kurchin and Giuseppe Romano},
 title={bayesim},
 year = {2018},
 howpublished={\url{https://pv-lab.github.io/bayesim/_build/html/index.html}}
}

@article{multinest,
 author = {Feroz, F. and Hobson, M. P. and Bridges, M.},
 title = {MultiNest: an efficient and robust Bayesian inference tool for cosmology and particle physics},
 journal = {Monthly Notices of the Royal Astronomical Society},
 volume = {398},
 number = {4},
 pages = {1601-1614},
 year = {2009},
 doi = {10.1111/j.1365-2966.2009.14548.x},
 eprint = {/oup/backfile/content_public/journal/mnras/398/4/10.1111/j.1365-2966.2009.14548.x/2/mnras0398-1601.pdf}
}

@article{cosmobayesreview,
 author = { Roberto   Trotta },
 title = {Bayes in the sky: Bayesian inference and model selection in cosmology},
 journal = {Contemporary Physics},
 volume = {49},
 number = {2},
 pages = {71-104},
 year  = {2008},
 publisher = {Taylor & Francis},
 doi = {10.1080/00107510802066753},
 eprint = {
  https://doi.org/10.1080/00107510802066753
 }
}

@article{particlebayes,
 author={Roberto Trotta and Farhan Feroz and Mike Hobson and Leszek Roszkowski and Roberto Ruiz de Austri},
 title={The impact of priors and observables on parameter inferences in the constrained MSSM},
 journal={Journal of High Energy Physics},
 volume={2008},
 number={12},
 pages={024},
 url={http://stacks.iop.org/1126-6708/2008/i=12/a=024},
 year={2008}
}

@article{higgsbayes,
 title = "Global Bayesian Analysis of the Higgs-boson Couplings",
 journal = "Nuclear and Particle Physics Proceedings",
 volume = "273-275",
 pages = "834 - 840",
 year = "2016",
 note = "37th International Conference on High Energy Physics (ICHEP)",
 issn = "2405-6014",
 doi = "https://doi.org/10.1016/j.nuclphysbps.2015.09.128",
 author = "Jorge de Blas and Marco Ciuchini and Enrico Franco and Diptimoy Ghosh and Satoshi Mishima and Maurizio Pierini and Laura Reina and Luca Silvestrini",
 keywords = "Higgs boson, Effective field theory"
}

@article {evobiobayes,
 author = {Huelsenbeck, John P. and Ronquist, Fredrik and Nielsen, Rasmus and Bollback, Jonathan P.},
 title = {Bayesian Inference of Phylogeny and Its Impact on Evolutionary Biology},
 volume = {294},
 number = {5550},
 pages = {2310--2314},
 year = {2001},
 doi = {10.1126/science.1065889},
 publisher = {American Association for the Advancement of Science},
 issn = {0036-8075},
 eprint = {http://science.sciencemag.org/content/294/5550/2310.full.pdf},
 journal = {Science}
}

@article{sysbiobayes,
 author = {Wilkinson, Darren J.},
 title = {Bayesian methods in bioinformatics and computational systems biology},
 journal = {Briefings in Bioinformatics},
 volume = {8},
 number = {2},
 pages = {109-116},
 year = {2007},
 doi = {10.1093/bib/bbm007},
 eprint = {/oup/backfile/content_public/journal/bib/8/2/10.1093/bib/bbm007/2/bbm007.pdf}
}

@article{biobayescode,
 title = "RELION: Implementation of a Bayesian approach to cryo-EM structure determination",
 journal = "Journal of Structural Biology",
 volume = "180",
 number = "3",
 pages = "519 - 530",
 year = "2012",
 issn = "1047-8477",
 doi = "https://doi.org/10.1016/j.jsb.2012.09.006",
 author = "Sjors H.W. Scheres",
 keywords = "Electron microscopy, Single-particle analysis, Maximum likelihood, Image processing, Software development"
}

@article {lookman,
 author = {Xue, Dezhen and Balachandran, Prasanna V. and Yuan, Ruihao and Hu, Tao and Qian, Xiaoning and Dougherty, Edward R. and Lookman, Turab},
 title = {Accelerated search for BaTiO3-based piezoelectrics with vertical morphotropic phase boundary using Bayesian learning},
 volume = {113},
 number = {47},
 pages = {13301--13306},
 year = {2016},
 doi = {10.1073/pnas.1607412113},
 publisher = {National Academy of Sciences},
 issn = {0027-8424},
 eprint = {http://www.pnas.org/content/113/47/13301.full.pdf},
 journal = {Proceedings of the National Academy of Sciences}
}

@article{combo,
 title = "COMBO: An efficient Bayesian optimization library for materials science",
 journal = "Materials Discovery",
 volume = "4",
 pages = "18 - 21",
 year = "2016",
 issn = "2352-9245",
 doi = "https://doi.org/10.1016/j.md.2016.04.001",
 author = "Tsuyoshi Ueno and Trevor David Rhone and Zhufeng Hou and Teruyasu Mizoguchi and Koji Tsuda",
 keywords = "Bayesian optimization, Python library, Global optimization, Materials design"
}
